@ARTICLE{FSA2008,
	author = "Shack, Jørgen and Jervelund, Anita Ågerup",
	title = "En undersøgelse af elevernes stavefærdighed i FSA 2008, retskrivning",
  journal = "Dansk noter",
	year = "2010",
	month = "sep", 
	pages  = "50-55",	
}
