

%This is an example of making an article
% The percent symbol means comments
%@ARTICLE{FSA2008,
 %author = "Shack, Jørgen and Jervelund, Anita Ågerup",
 %title = "En undersøgelse af elevernes stavefærdighed i FSA 2008, retskrivning",
  %journal = "Dansk noter",
 %year = "2010",
 %month = "sep", 
 %pages  = "50-55", 
%}

@misc{wiki_build_order,
    author    = "Team Liquid",
    title     = "Build order",
    howpublished = "Wiki article",
    year     = "2011",
    month    = "September",
}

@misc{wiki_vulture,
    title     = "Vulture",
    howpublished = "Wiki article",
    url = "http://starcraft.wikia.com/wiki/Vulture"
}

@misc{ptf_in_game,
    author    = "Johan Hagelbäck",
    title     = "Using Potential Fields in a Real-time Strategy Game Scenario ",
    howpublished = "article",
    year     = "2009",
    month    = "January",
}
@misc{pft,
 author = "Michael A. Goodrich",
 title = "Potential Fields Tutorial",
 url = "http://borg.cc.gatech.edu/ipr/files/goodrich_potential_fields.pdf" 
}
@misc{nn,
 author = "TBD",
 title = "Neural Network",
 url = "http://www.ai-junkie.com/ann/evolved/nnt1.html" 
}
@misc{mdp,
 title = "Markov decision process",
 url = "http://en.wikipedia.org/wiki/Markov_decision_process" 
}
@misc{rl,
author = "Stuart Russell and Peter Norvig",
title = "Artificial Intelligence A modern approach 2nd edition",
isbn = "0-13-080302-2"
}
@misc{ml_tom_mitchel,
author = "Tom M. Mitchel",
title = "Machine Learning",
isbn = "0070428077"
year = "1997",
month = "March",
}
@misc{dp,
author = "",
title = "A tutorial on dynamic programming",
url = "http://mat.gsia.cmu.edu/classes/dynamic/node2.html"
}

